<?xml version="1.0" encoding="UTF-8"?><collection xmlns="http://www.loc.gov/MARC21/slim"><record><leader>00447nam--2200145-i-4500</leader><controlfield tag="001">000031871</controlfield><controlfield tag="002">20161230</controlfield><controlfield tag="005">20161230201038</controlfield><controlfield tag="008">060222s1000------------r-----000-0-eng-d</controlfield><datafield ind1=" " ind2=" " tag="080"><subfield code="a">621.391:681.3</subfield></datafield><datafield ind1=" " ind2=" " tag="100"><subfield code="a">Max, J</subfield></datafield><datafield ind1=" " ind2=" " tag="245"><subfield code="a">Appareillages: exemples d`applications, methodes nouvelles</subfield></datafield><datafield ind1=" " ind2=" " tag="260"><subfield code="a">Paris, Masson, 1981, Vii + 238p</subfield></datafield><datafield ind1=" " ind2=" " tag="490"><subfield code="a">Methodes Et Techniques De Traitment Du Signal Et Applications Aux Mesures Physiques</subfield></datafield><datafield ind1=" " ind2=" " tag="852"><subfield code="a">37635</subfield></datafield></record></collection>